%% This BibTeX bibliography file was created using BibDesk.
%% http://bibdesk.sourceforge.net/


%% Created for Doriane PERESSE at 2011-11-21 02:48:38 +0100 


%% Saved with string encoding Unicode (UTF-8) 



@article{noisy-speech-recognition,
	Author = {Yifan Gong},
	Date-Added = {2011-11-21 02:43:32 +0100},
	Date-Modified = {2011-11-21 02:44:40 +0100},
	Journal = {Speech Communication},
	Title = {Speech recognition in noisy environments: A survey},
	Year = {1994}}

@article{tutorial-hmm,
	Author = {Lawrence R. Rabiner},
	Date-Added = {2011-11-21 02:40:15 +0100},
	Date-Modified = {2011-11-21 02:48:38 +0100},
	Journal = {Proceedings of the IEEE},
	Title = {A Tutorial on Hidden Markov Models and Selected Applications in Speech Recognition},
	Year = {1989}}

@article{introduction-hmm,
	Author = {Lawrence R. Rabiner and B. H. luang},
	Date-Added = {2011-11-21 02:38:19 +0100},
	Date-Modified = {2011-11-21 02:42:36 +0100},
	Journal = {IEEE ASSP Magazine},
	Title = {An Introduction to Hidden Markov Models},
	Year = {1986}}

@article{retrieval-browsing-spoken-content,
	Author = {Ciprian Chelba and Timothy J. Hazen and Murat Sara{\c c}lar},
	Date-Added = {2011-11-19 12:01:42 +0100},
	Date-Modified = {2011-11-19 14:11:24 +0100},
	Journal = {Signal Processing},
	Title = {Retrieval and Browsing of Spoken Content},
	Year = {2007}}

@article{read-spontaneous,
	Author = {Masanobu Nakamura and Koji Iwano and Sadaoki Furui},
	Date-Added = {2011-11-19 11:59:51 +0100},
	Date-Modified = {2011-11-19 14:11:37 +0100},
	Journal = {Computer Speech and Language},
	Title = {Differences between acoustic characteristics of spontaneous and read speech and their effects on speech recognition performance},
	Year = {2007}}

@article{second-language,
	Author = {James E. Flege and Carlo Schirru and Ian R.A. MacKay},
	Date-Added = {2011-11-19 11:57:39 +0100},
	Date-Modified = {2011-11-19 14:11:57 +0100},
	Journal = {Speech Communication},
	Title = {Interaction between the native and second language},
	Year = {2002}}

@article{speech-variability,
	Author = {M. Benzeghiba and R. De Mori and O. Deroo and S. Dupont and T. Erbes and D. Jouvet and L. Fissore and P. Laface and A. Mertins and C. Ris and R. Rose and V. Tyagi and C. Wellekens},
	Date-Added = {2011-11-19 11:54:57 +0100},
	Date-Modified = {2011-11-19 14:13:12 +0100},
	Journal = {Speech Communication},
	Title = {Automatic speech recognition and speech variability: A review},
	Year = {2007}}

@article{invited-paper,
	Author = {Douglas O'Shaughnessy},
	Date-Added = {2011-11-19 11:52:14 +0100},
	Date-Modified = {2011-11-19 11:54:14 +0100},
	Journal = {Pattern Recognition},
	Title = {Invited paper: Automatic speech recognition: History, methods and challenges},
	Year = {2008}}
